<?xml version="1.0" encoding="UTF-8"?><collection xmlns="http://www.loc.gov/MARC21/slim"><record><leader>00483nam--2200169-i-4500</leader><controlfield tag="001">000009145</controlfield><controlfield tag="002">20161230</controlfield><controlfield tag="005">20161230201028</controlfield><controlfield tag="008">060222s1000------------r-----000-0-eng-d</controlfield><datafield ind1=" " ind2=" " tag="040"><subfield code="a">IFIN-HH</subfield></datafield><datafield ind1=" " ind2=" " tag="080"><subfield code="a">539.124.143</subfield></datafield><datafield ind1="1" ind2=" " tag="100"><subfield code="a">Blum, Haywood</subfield></datafield><datafield ind1="1" ind2="0" tag="245"><subfield code="a">Electron spin resonance of color centers</subfield><subfield code="b">Disserttion</subfield><subfield code="c">Haywood blum</subfield></datafield><datafield ind1=" " ind2=" " tag="260"><subfield code="a">Ann Arbor, Michigan</subfield><subfield code="b">University Microfilms, Inc</subfield><subfield code="c">1962</subfield></datafield><datafield ind1=" " ind2=" " tag="300"><subfield code="a">V + 112 P</subfield></datafield><datafield ind1=" " ind2=" " tag="852"><subfield code="a">32285</subfield><subfield code="c">539.143.43</subfield></datafield><datafield ind1=" " ind2=" " tag="CAT"><subfield code="a">Sys</subfield><subfield code="c">20120503</subfield><subfield code="h">160931</subfield></datafield></record></collection>